
@InProceedings{bl2002:durand,
    author = "Frédo Durand and Julie Dorsey",
    title = "Fast Bilateral Filtering for the Display of High-Dynamic-Range Images",
    booktitle = "Proc. 29th Annu. Conf. Comput. Graph. Interact. Techn. SIGGRAPH",
    month = "Srpen",
    year = "2002",
    pages = "257--266",
    cited = "5.4. 2022",
    url = "http://people.csail.mit.edu/fredo/PUBLI/Siggraph2002/DurandBilateral.pdf"
}

@Misc{wiki:3sigma,
    author = "{Wikipedia contributors}",
    title = "68–95–99.7 rule",
    year = "2022",
    month = "Duben",
    howpublished = "online",
    cited = "6.4. 2022",
    url = "https://en.wikipedia.org/wiki/68%E2%80%9395%E2%80%9399.7_rule"
}

@InProceedings{nlm2005:buades,
    author = "Antoni Buades and Bartomeu Coll and Jean-Michel Morel",
    year = "2005",
    month = "Červenec",
    pages = "60- 65 vol. 2",
    title = "A non-local algorithm for image denoising",
    volume = "2",
    isbn = "0-7695-2372-2",
    journal = "Proceedings of the IEEE Computer Society Conference on Computer Vision and Pattern Recognition",
    doi = "10.1109/CVPR.2005.38",
    cited = "12.4. 2022",
    url = "https://www.researchgate.net/publication/4156453"
}

@Article{nlm2012:sarker,
    author = "Subhojit Sarker and Shalini Chowdhury and Samanwita Laha and Debika Dey",
    journal = "Signal \& Image Processing",
    title = "Use of Non-Local Means Filter to Denoise Image Corrupted by Salt and Pepper Noise",
    year = "2012",
    month = "Květen",
    pages = "",
    volume = "3",
    cited = "8.4. 2022",
    url = "https://www.researchgate.net/publication/264851628"
}

@Article{nlm2014:froment,
    author = "Jacques Froment",
    journal = "Image Processing On Line",
    title = "Parameter-Free Fast Pixelwise Non-Local Means Denoising",
    volume = "4",
    pages = "300--326",
    year = "2014",
    cited = "13.4. 2022",
    url = "https://doi.org/10.5201/ipol.2014.120"
}

@Misc{wiki:integral_image,
    author = "{Wikipedia contributors}",
    title = "Summed-area table",
    year = "2021",
    month = "Prosinec",
    howpublished = "online",
    cited = "8.4. 2022",
    url = "https://en.wikipedia.org/wiki/Summed-area_table"
}

@Manual{dotnet_doc:tbl,
    title = "Task-based asynchronous programming",
    author = {{Microsoft}},
    howpublished = "online",
    cited = "2.5. 2022",
    year = "2022",
    url = "https://docs.microsoft.com/en-us/dotnet/standard/parallel-programming/task-based-asynchronous-programming"
}